@string{ECCV = {Proc. European Conf. on Computer Vision (ECCV)}}


@inproceedings{roe17,
  author = {John Roe and Jane Doe},
  title = {{The Frobnicatable Foo Filter and its Applications}},
  booktitle = {Proc. Conference on Frobnication},
  year = {2017}
}

@article{smith14,
  author = {John Smith},
  title = {{Frobnication Tutorial}},
  journal = {Journal of Theoretical Foo Filters},
  volume = {12},
  number = {4},
  pages = {23--42},
  year = {2014}
}

@inproceedings{everyman14,
  author = {Richard Everyman and Mary Major and Joe Bloggs and Jane Roe},
  title = {{Can a Machine Frobnicate?}},
  booktitle = {Proc. International Foo Filter Symposium},
  year = {2014}
}


@inproceedings{luo2020bokeh,
  title={Bokeh rendering from defocus estimation},
  author={Luo, Xianrui and Peng, Juewen and Xian, Ke and Wu, Zijin and Cao, Zhiguo},
  booktitle=ECCV,
  pages={245--261},
  year={2020},
  organization={Springer}
}
